
@book{LamportBGP,
	author    = {Leslie Lamport, Robert Shostak, and Marshall Pease},
	title     = {The Byzantine Generals Problem},
	year      = {1982},
	url = "Режим доступа: \url{https://lamport.azurewebsites.net/pubs/byz.pdf} (дата обращения: 17.12.2024)"
}



@book{Castro2002,
	author    = {Migel Castro (Microsoft Research) and Barbara Liskov (MIT Laboratory for Computer Science)},
	title     = {Practical Byzantine Fault Tolerance and Proactive Recovery},
	year      = {2002},
	url = "Режим доступа: \url{http://vis.usal.es/rodrigo/documentos/papers/PBFT-Castro2002.pdf} (дата обращения: 17.12.2024)"
}

@book{Tanenbaum,
	author={Стин ван М., Таненбаум Э. С.},
	title={Распределенные системы},
	note={пер. с англ. В. А. Яроцкого.},
	publisher={ДМК Пресс},
	year={2021},
	pages={584},
	isbn={978-5-97060-708-4}
}

@book{lec,
	author    = {Крюков В.А.},
	title     = {Операционные системы распределенных вычислительных систем},
	note	= {Лекции для 4 курса факультета ВМиК МГУ.}
	publisher={Лаборатория Параллельных Информационных Технологий, НИВЦ МГУ},
	url = "Режим доступа: \url{https://parallel.ru/krukov/lec7.html} (дата обращения: 17.12.2024)"
}

@book{blockchain,
	author    = {Носиров З. А., Фомичев В. М.},
	title     = {Анализ блокчейн-технологии: основы архитектуры, примеры использования, перспективы развития, проблемы и недостатки // Системы управления, связи и безопасности},
	year={2021},
	note={№ 2. С. 37-75. DOI: 10.24412/2410-9916-2021-2-37-75.},
	url = "Режим доступа: \url{https://sccs.intelgr.com/archive/2021-02/03-Nosirov.pdf} (дата обращения: 17.12.2024)"
}

@book{distrDataProc,
	author    = {Никольский, И. М.},
	title     = {Распределенная обработка данных: учебно-методическое пособие},
	publisher = {Издательство Московского университета},
	year      = {2023},
	pages     = {28, [1]},
	note      = {Электронное издание сетевого распространения. — (Библиотека факультета ВМК МГУ)},
	isbn      = {978-5-19-011913-8},
	howpublished = {e-book}
	url = "Режим доступа: \url{https://msupress.com/ebook/978-5-19-011913-8_e-book.pdf} (дата обращения: 17.12.2024)"
}

@book{baseAlgConsens,
	author    = {ЗАХАРОВ Д.А., ПЕЛИПАС В.О.},
	title     = {Основы алгоритмов консенсуса},
	year={2020},
	publisher={Федеральное государственное автономное образовательное учреждение высшего образования "Севастопольский государственный университет"},
	url = "Режим доступа: \url{https://www.elibrary.ru/item.asp?id=44276176} (дата обращения: 17.12.2024)"
}

@book{Bitcoin,
	author    = {Satoshi Nakamoto},
	title     = {Bitcoin: A Peer-to-Peer Electronic Cash System},
	year={2008},
	url = "Режим доступа: \url{https://bitcoin.org/bitcoin.pdf} (дата обращения: 17.12.2024)"
}

@misc{algsBch,
	author    = {А.П. Бардин, A.B. Новицкий, Ю.Ю. Шумилов},
	title     = {Обработка ошибочных ситуаций в больших блокчейн-сетях алгоритмом достижения консенсуса, основанном на решении задачи византийских генералов },
	year={2021},
	publisher={Вестник МГТУ им. Н.Э. Баумана. Сер. Приборостроение. }
}

@book{icc,
	author    = {Jan Camenisch, Manu Drijvers, Timo Hanke, Yvonne-Anne Pignolet, Victor Shoup, Dominic Williams},
	title     = {Internet Computer Consensus},
	year={2021},
	url = "Режим доступа: \url{https://eprint.iacr.org/2021/632.pdf} (дата обращения: 17.12.2024)"
}


@book{reestr,
	author    = {А.С. Тороев, А.Б. Сизоненко},
	title     = {Алгоритм достижения консенсуса для распределённых систем обработки данных на основе технологии распределённых реестров},
	year={2021},
	url = "Режим доступа: \url{https://www.elibrary.ru/download/elibrary_46327552_80713174.pdf} (дата обращения: 17.12.2024)"
}

%% про Z-буфер
%@book{shikinStCG,
%	author={Шикин~Е.~В., Боресков~А.~В., Зайцев~А.~А.},
%	title={Начала компьютерной графики},
%	publisher={ДИАЛОГ-МИФИ},
%	year={1993},
%	pages={138},
%	isbn={5-86404-035-5}
%}
%
%@book{shikinDinamica,
%	author    = {Шикин, Е. В., Боресков, А. В.},
%	title     = {Компьютерная графика. Динамика, реалистические изображения},
%	publisher = {ДИАЛОГ-МИФИ},
%	year      = {1996},
%	address   = {Москва},
%	pages     = {288},
%	isbn      = {5-86404-061-4}
%}
%
%@book{trIntersect,
%	author    = {Tomas Möller, Ben Trumbore},
%	title     = {Fast, Minimum Storage Ray/Triangle Intersection},
%	publisher = {Journal of Graphics Tools},
%	year      = {1997},
%	pages     = {7},
%	url = "Режим доступа: \url{https://www.graphics.cornell.edu/pubs/1997/MT97.pdf} (дата обращения: 01.12.2024)"
%}
%
%% свет и цвет
%@book{shikin2001,
%	author    = {Шикин, А. В. and Боресков, А. В.},
%	title     = {Компьютерная графика. Полигональные модели},
%	publisher = {ДИАЛОГ-МИФИ},
%	year      = {2001},
%	address   = {Москва},
%	pages     = {464},
%	isbn      = {5-86404-139-4}
%}
%
%@book{boreskovOsnovy,
%	author    = {Боресков, А. В. and Шикин, Е. В.},
%	title     = {Основы компьютерной графики : учебник и практикум для вузов},
%	publisher = {Издательство Юрайт},
%	year      = {2024},
%	address   = {Москва},
%	pages     = {219},
%	note      = {Текст : непосредственный.},
%	isbn      = {978-5-534-13196-3},
%	series    = {Высшее образование}
%}





